
   <record>
      <leader>00000nz  a2200000nc 4500</leader>
      <controlfield tag="001">institutions/51003999</controlfield>
      <controlfield tag="003">DE-633</controlfield>
      <controlfield tag="005">20250620052253.0</controlfield>
      <controlfield tag="008">200525||||z|||a|||||||||||||||||n||||||d</controlfield>
      <datafield tag="024" ind1="7" ind2=" ">
         <subfield code="a">S-UMsdl</subfield>
         <subfield code="q">siglum</subfield>
         <subfield code="2">rism</subfield>
      </datafield>
      <datafield tag="034" ind1="1" ind2=" ">
         <subfield code="d">20.265806</subfield>
         <subfield code="f">63.827248</subfield>
      </datafield>
      <datafield tag="040" ind1=" " ind2=" ">
         <subfield code="a">DE-633</subfield>
         <subfield code="c">DE-633</subfield>
         <subfield code="e">rismg</subfield>
      </datafield>
      <datafield tag="043" ind1=" " ind2=" ">
         <subfield code="c">XA-SE</subfield>
      </datafield>
      <datafield tag="110" ind1="1" ind2=" ">
         <subfield code="a">Sveriges depåbibliotek och lånecentral</subfield>
         <subfield code="c">Umeå</subfield>
         <subfield code="g">S-UMsdl</subfield>
      </datafield>
      <datafield tag="368" ind1=" " ind2=" ">
         <subfield code="a">Institution</subfield>
         <subfield code="a">Library</subfield>
      </datafield>
      <datafield tag="371" ind1=" " ind2=" ">
         <subfield code="a">Nygatan 26A</subfield>
         <subfield code="b">Umeå</subfield>
         <subfield code="c">Västerbottens län</subfield>
         <subfield code="d">Sweden</subfield>
         <subfield code="e">903 29</subfield>
         <subfield code="m">lc@umea.se</subfield>
         <subfield code="m">sverigesdepabibliotek@umea.se</subfield>
         <subfield code="u">http://www.sverigesdepabibliotekochlanecentral.se/</subfield>
         <subfield code="z">tel: +46 / 090 / 163372</subfield>
      </datafield>
      <datafield tag="551" ind1="1" ind2=" ">
         <subfield code="a">Umeå</subfield>
         <subfield code="0">places/3029669</subfield>
      </datafield>
   </record>