
   <record>
      <leader>00000nz  a2200000nc 4500</leader>
      <controlfield tag="001">institutions/51007267</controlfield>
      <controlfield tag="003">DE-633</controlfield>
      <controlfield tag="005">20250620052314.0</controlfield>
      <controlfield tag="008">230703||||z|||a|||||||||||||||||n||||||d</controlfield>
      <datafield tag="024" ind1="7" ind2=" ">
         <subfield code="a">S-VId</subfield>
         <subfield code="q">siglum</subfield>
         <subfield code="2">rism</subfield>
      </datafield>
      <datafield tag="034" ind1="1" ind2=" ">
         <subfield code="d">18.29869778961013</subfield>
         <subfield code="f">57.642275307225034</subfield>
      </datafield>
      <datafield tag="040" ind1=" " ind2=" ">
         <subfield code="a">DE-633</subfield>
         <subfield code="c">DE-633</subfield>
         <subfield code="e">rismg</subfield>
      </datafield>
      <datafield tag="043" ind1=" " ind2=" ">
         <subfield code="c">XA-SE</subfield>
      </datafield>
      <datafield tag="110" ind1="1" ind2=" ">
         <subfield code="a">Visby domkyrkoförsamling</subfield>
         <subfield code="c">Visby</subfield>
         <subfield code="g">S-VId</subfield>
      </datafield>
      <datafield tag="368" ind1=" " ind2=" ">
         <subfield code="a">Institution</subfield>
         <subfield code="a">Library</subfield>
      </datafield>
      <datafield tag="371" ind1=" " ind2=" ">
         <subfield code="a">Norra Kyrkogatan 4</subfield>
         <subfield code="b">62155 Visby</subfield>
         <subfield code="d">Sweden</subfield>
         <subfield code="m">visby.domkyrko@svenskakyrkan.se</subfield>
         <subfield code="u">https://www.svenskakyrkan.se/visby</subfield>
         <subfield code="z">tel: +46 / 498 206800</subfield>
      </datafield>
      <datafield tag="410" ind1=" " ind2=" ">
         <subfield code="a">Visby domkyrka</subfield>
      </datafield>
      <datafield tag="410" ind1=" " ind2=" ">
         <subfield code="a">Visby Sankta Maria domkyrka</subfield>
      </datafield>
      <datafield tag="551" ind1="1" ind2=" ">
         <subfield code="a">Visby</subfield>
         <subfield code="0">places/3903380</subfield>
      </datafield>
   </record>